<record><leader>00000cas a22000007a 4500</leader><controlfield tag="001">1765496</controlfield><controlfield tag="008">751101d19061969mnuwr ne      0    0eng d</controlfield><datafield ind1=" " ind2=" " tag="010"><subfield code="a">sn 89064589 </subfield></datafield><datafield ind1=" " ind2=" " tag="040"><subfield code="a">MUL</subfield><subfield code="b">eng</subfield><subfield code="c">MUL</subfield><subfield code="d">MN#</subfield><subfield code="d">OCLCQ</subfield><subfield code="d">OCLCF</subfield><subfield code="d">OCLCO</subfield></datafield><datafield ind1="1" ind2=" " tag="029"><subfield code="a">AU@</subfield><subfield code="b">000025859361</subfield></datafield><datafield ind1=" " ind2=" " tag="042"><subfield code="a">msc</subfield></datafield><datafield ind1=" " ind2=" " tag="043"><subfield code="a">n-us-mn</subfield></datafield><datafield ind1=" " ind2=" " tag="052"><subfield code="a">4144</subfield><subfield code="b">S58</subfield></datafield><datafield ind1=" " ind2=" " tag="052"><subfield code="a">4143</subfield><subfield code="b">M4</subfield></datafield><datafield ind1="0" ind2="0" tag="245"><subfield code="a">Sherburn advance-standard.</subfield></datafield><datafield ind1=" " ind2=" " tag="260"><subfield code="a">Sherburn, Minn. :</subfield><subfield code="b">E.E. Lane,</subfield><subfield code="c">1906-1969.</subfield></datafield><datafield ind1=" " ind2=" " tag="300"><subfield code="a">64 v.</subfield></datafield><datafield ind1=" " ind2=" " tag="310"><subfield code="a">Weekly</subfield></datafield><datafield ind1="0" ind2=" " tag="362"><subfield code="a">Vol. 19, no. 7 (Aug. 16, 1906)-v. 82, no. 5 (Mar. 20, 1969).</subfield></datafield><datafield ind1=" " ind2=" " tag="530"><subfield code="a">Available on microfilm from the Minnesota Historical Society.</subfield></datafield><datafield ind1=" " ind2="0" tag="651"><subfield code="a">Sherburn (Minn.)</subfield><subfield code="v">Newspapers.</subfield></datafield><datafield ind1=" " ind2="7" tag="655"><subfield code="a">Newspapers.</subfield><subfield code="2">fast</subfield><subfield code="0">(OCoLC)fst01423814</subfield></datafield><datafield ind1=" " ind2="7" tag="651"><subfield code="a">Minnesota</subfield><subfield code="z">Sherburn.</subfield><subfield code="2">fast</subfield><subfield code="0">(OCoLC)fst01256910</subfield></datafield><datafield ind1=" " ind2=" " tag="752"><subfield code="a">United States</subfield><subfield code="b">Minnesota</subfield><subfield code="c">Martin</subfield><subfield code="d">Sherburn.</subfield></datafield><datafield ind1="0" ind2="4" tag="780"><subfield code="t">Sherburn advance</subfield><subfield code="w">(DLC)sn 89064588</subfield></datafield><datafield ind1="0" ind2="4" tag="780"><subfield code="t">Martin County standard</subfield><subfield code="w">(DLC)sn 89064580</subfield></datafield><datafield ind1="0" ind2="7" tag="785"><subfield code="t">Welcome times</subfield><subfield code="w">(DLC)sn 89064587</subfield></datafield><datafield ind1="0" ind2="7" tag="785"><subfield code="t">Sherburn advance-standard and the Welcome times</subfield><subfield code="w">(DLC)sn 89064590</subfield></datafield></record>